% Aero Astro template
% Max Opgenoord
% August 2017

@techreport{theodorsen1935general,
    author =        {Theodorsen, Theodore},
    title =         {General Theory of Aerodynamic Instability and the Mechanism of Flutter},
    number =        {NACA-TR-496},
    institution =   {National Aeronautics and Space Administration (NASA)},
    address =       {Langley Aeronautical Lab, Hampton, Virginia},
    month =         {January},
    year  =         {1935}
}

@article{opgenoord2017physics,
  title={Physics-Based Low-Order Model for Transonic Flutter Prediction},
  author={Opgenoord, Max M J and Drela, Mark and Willcox, Karen E},
  journal={AIAA Journal},
  pages={1519--1531},
  year={2018},
  volume={56},
  number={4},
  publisher={American Institute of Aeronautics and Astronautics},
  doi={10.2514/1.J056710}
}
